@article {
    art:REF_ART_1,
    organization = {Lean Startup Machine},
    url = {https://www.leanstartupmachine.com/validationboard/},
    title = {Validation Board - FREE tool for testing startup ideas, stop wasting time and money}
}

@article {
    art:REF_ART_2,
    author = {Eric Ries},
    title = {Lean Startup}
    url = {http://www.startuplessonslearned.com/2008/09/lean-startup.html}
}